
@online{noauthor_twente_nodate,
	title = {Twente Institute for Wireless and Mobile Communications {\textbar} {SALUS}},
	url = {https://www.sec-salus.eu/consortium/ti-wmc/},
	urldate = {2022-01-20},
	file = {Twente Institute for Wireless and Mobile Communications | SALUS:/home/thymo/Zotero/storage/EGAVYDAQ/ti-wmc.html:text/html},
}

@online{noauthor_foreman_nodate,
	title = {Foreman},
	url = {https://www.theforeman.org/},
	urldate = {2022-02-16},
}

@online{noauthor_managing_nodate,
	title = {Managing Hierarchical Data in {MySQL}},
	url = {http://mikehillyer.com/articles/managing-hierarchical-data-in-mysql/},
	abstract = {Introduction Most users at one time or another have dealt with hierarchical data in a {SQL} database and no doubt learned that the management of hierarchical data is not what a relational database is intended for. The tables of a relational database are not hierarchical (like {XML}), but are simply a flat list. Hierarchical data … Continue reading "Managing Hierarchical Data in {MySQL}"},
	titleaddon = {Mike Hillyer's Personal Webspace},
	urldate = {2022-02-17},
	langid = {american},
}

@thesis{kesteloo_onvif_2016,
	title = {{ONVIF}},
	url = {https://hbo-kennisbank.nl/details/sharekit_hh:oai:surfsharekit.nl:15d206a2-dc4e-4dbd-9719-339793255ddd?q=onvif&c=0},
	abstract = {Dit document is het procesverslag van de afstudeeropdracht die Tim Kesteloo heeft uitgevoerd voor de opleiding Technische Informatica bij {VDG} Security B.V. Tijdens de afstudeerperiode is voor {VDG} Security B.V. onderzoek gedaan naar het implementeren van het {ONVIF} protocol in de nieuwe plug-in architectuur. Tijdens de afstudeerperiode is in de nieuwe architectuur de {ONVIF} Profile S Device Management-, Media- en {PTZService}, {WS}-{UsernameToken}, en {WS}-Discovery volledig geïmplementeerd.},
	institution = {De Haagse Hogescool},
	type = {thesis},
	author = {Kesteloo, T. V.},
	urldate = {2022-02-17},
	date = {2016},
	langid = {dutch},
	file = {Full Text PDF:/home/thymo/Zotero/storage/I9TYVKUL/Kesteloo - 2016 - ONVIF.pdf:application/pdf;Snapshot:/home/thymo/Zotero/storage/SB4B3EDP/sharekit_hhoaisurfsharekit.html:text/html},
}

@online{noauthor_dot_nodate,
	title = {The {DOT} Framework - {ICT} research methods},
	url = {https://ictresearchmethods.nl/The_DOT_Framework},
	urldate = {2022-02-17},
	file = {The DOT Framework - ICT research methods:/home/thymo/Zotero/storage/ESMDTE67/The_DOT_Framework.html:text/html},
}

@online{noauthor_foreman_nodate-1,
	title = {Foreman :: Introduction},
	url = {https://www.theforeman.org/introduction.html},
	urldate = {2022-02-17},
	file = {Foreman \:\: Introduction:/home/thymo/Zotero/storage/Z3IWNJMX/introduction.html:text/html},
}

@online{noauthor_managing_nodate-1,
	title = {Managing Hosts},
	url = {https://docs.theforeman.org/3.1/Managing_Hosts/index-foreman-el.html},
	urldate = {2022-02-17},
	file = {Managing Hosts:/home/thymo/Zotero/storage/X2M2UYV4/index-foreman-el.html:text/html},
}

@online{noauthor_moscow_nodate,
	title = {{MoSCoW} Prioritisation {\textbar} The {DSDM} Handbook {\textbar} Agile Business Consortium},
	url = {https://www.agilebusiness.org/page/ProjectFramework_10_MoSCoWPrioritisation},
	urldate = {2022-03-02},
	file = {Chapter 10\: MoSCoW Prioritisation | The DSDM Handbook | Agile Business Consortium:/home/thymo/Zotero/storage/R98VBFRE/ProjectFramework_10_MoSCoWPrioritisation.html:text/html},
}